@article{2017arXiv170510378N,
  author = {{Nabi}, R. and {Shpitser}, I.},
  title = "{Fair Inference On Outcomes}",
  journal = {ArXiv e-prints},
  archivePrefix = "arXiv",
  eprint = {1705.10378},
  primaryClass = "stat.ML",
  keywords = {Statistics - Machine Learning},
  year = 2017,
  month = may,
  adsurl = {http://adsabs.harvard.edu/abs/2017arXiv170510378N},
  adsnote = {Provided by the SAO/NASA Astrophysics Data System}
}

@inproceedings{hardt2016equality,
  title={Equality of opportunity in supervised learning},
  author={Hardt, Moritz and Price, Eric and Srebro, Nati and others},
  booktitle={Advances in Neural Information Processing Systems},
  pages={3315--3323},
  year={2016}
}

@book{pearl2009causality,
  title={Causality: Models, Reasoning, and Inference},
  author={Pearl, Judea},
  year={2009},
  publisher={Cambridge University Press}
}

